// Authors: Marcel Simader
//          Melissa Frischherz
// Date: 20.03.2024


@INPROCEEDINGS{Gao2019IdentGen,
  author    = {Gao, Sa and
               Chen, Chunyang and
               Xing, Zhenchang and
               Ma, Yukun and
               Song, Wen and
               Lin, Shang-Wei},
  booktitle = {2019 IEEE 26th International Conference on Software Analysis, Evolution and
               Reengineering (SANER)},
  title     = {A Neural Model for Method Name Generation from Functional Description},
  year      = {2019},
  volume    = {},
  number    = {},
  pages     = {414-421},
  keywords  = {Natural languages;Decoding;Task analysis;Software;Training;
               Predictive models; Computational modeling;Naming Convention;
               Encoder-Decoder Model; Transfer Learning},
  doi       = {10.1109/SANER.2019.8667994},
  ISSN      = {1534-5351},
  month     = {Feb},
  url       = {https://ieeexplore.ieee.org/document/8667994},
}

@INPROCEEDINGS{Ju2023XLangBinding,
  author    = {Ju, Yue and
               Tang, Yixuan and
               Lan, Jinpeng and
               Mi, Xiangbo and
               Zhang, Jingxuan},
  booktitle = {2023 IEEE International Conference on Software Analysis, Evolution and
               Reengineering (SANER)},
  title     = {A Cross-Language Name Binding Recognition and Discrimination Approach for
               Identifiers},
  year      = {2023},
  volume    = {},
  number    = {},
  pages     = {948-955},
  keywords  = {Deep learning;Java;Analytical models;Semantics;Bit error rate;
               Feature extraction;Software;Cross Language;Name Binding;Deep Learning},
  doi       = {10.1109/SANER56733.2023.00115},
  url       = {https://ieeexplore.ieee.org/document/10123604},
}

@INPROCEEDINGS{Butler2010Empirical,
  author    = {Butler, Simon and
               Wermelinger, Michel and
               Yu, Yijun and
               Sharp, Helen},
  booktitle = {2010 14th European Conference on Software Maintenance and Reengineering},
  title     = {Exploring the Influence of Identifier Names on Code Quality: An Empirical
               Study},
  year      = {2010},
  volume    = {},
  number    = {},
  pages     = {156-165},
  keywords  = {Java;Guidelines;Complexity theory;Dictionaries;Readability metrics;
               Sensitivity;programming;software metrics;software quality},
  doi       = {10.1109/CSMR.2010.27},
  url       = {https://ieeexplore.ieee.org/document/5714430},
}

@INPROCEEDINGS{Villmow2023Violations,
  author    = {Villmow, Johannes and
               Campos, Viola and
               Petry, Jean and
               Abbad-Andaloussi, Amine and
               Ulges, Adrian and
               Weber, Barbara},
  booktitle = {2023 IEEE 23rd International Working Conference on Source Code Analysis and
               Manipulation (SCAM)},
  title     = {How Well Can Masked Language Models Spot Identifiers That Violate Naming
               Guidelines?},
  year      = {2023},
  volume    = {},
  number    = {},
  pages     = {131-142},
  keywords  = {Training;Analytical models;Computer languages;Codes;Source coding;
               Training data;Transformers;Masked Language Models;Source Code Identfiers;
               Naming Guidelines;Code Quality;Identfier Quality Assessment;
               Generative Approaches;Language Model Fine-tuning;Code Transformers;
               AI-based Code Analysis},
  doi       = {10.1109/SCAM59687.2023.00023},
  url       = {https://ieeexplore.ieee.org/abstract/document/10356698},
}

@INPROCEEDINGS{Allamanis2015Suggesting,
  author    = {Allamanis, Miltiadis and
               Barr, Earl T. and
               Bird, Christian and
               Sutton, Charles},
  title     = {Suggesting accurate method and class names},
  year      = {2015},
  isbn      = {9781450336758},
  publisher = {Association for Computing Machinery},
  address   = {New York, NY, USA},
  url       = {https://doi.org/10.1145/2786805.2786849},
  doi       = {10.1145/2786805.2786849},
  booktitle = {Proceedings of the 2015 10th Joint Meeting on Foundations of Software
               Engineering},
  pages     = {38–49},
  numpages  = {12},
  keywords  = {Coding conventions, naturalness of software},
  location  = {Bergamo, Italy},
  series    = {ESEC/FSE 2015},
}

@INPROCEEDINGS{Shi2022Splitting,
  author    = {Shi, Jieke and
               Yang, Zhou and
               He, Junda and
               Xu, Bowen and
               Lo, David},
  booktitle = {2022 IEEE International Conference on Software Analysis, Evolution and
               Reengineering (SANER)},
  title     = {Can Identifier Splitting Improve Open-Vocabulary Language Model of Code?},
  year      = {2022},
  volume    = {},
  number    = {},
  pages     = {1134-1138},
  keywords  = {Vocabulary;Codes;Software algorithms;Semantics;Predictive models;Writing;
               Prediction algorithms;Open Vocabulary;Identifier Splitting;
               Language Model of Code},
  doi       = {10.1109/SANER53432.2022.00130},
}

@INPROCEEDINGS{Peruma2019,
  author    = {Peruma, Anthony and
               Mkaouer, Mohamed Wiem and
               Decker, Michael John and
               Newman, Christian Donald},
  booktitle = {2019 19th International Working Conference on Source Code Analysis and
               Manipulation (SCAM)},
  title     = {Contextualizing Rename Decisions using Refactorings and Commit Messages},
  year      = {2019},
  volume    = {},
  number    = {},
  pages     = {74-85},
  keywords  = {Taxonomy;Semantics;Software;Context modeling;Productivity;Static analysis;
               Analytical models;
               Program Comprehension, Identifier Names, Rename Refactoring},
  doi       = {10.1109/SCAM.2019.00017},
}

@INPROCEEDINGS{Newman2019RelationBehavior,
  author    = {Newman, Christian D. and
               Preuma, Anthony and
               AlSuhaibani, Reem},
  booktitle = {2019 IEEE International Conference on Software Maintenance and Evolution
               (ICSME)},
  title     = {Modeling the Relationship Between Identifier Name and Behavior},
  year      = {2019},
  volume    = {},
  number    = {},
  pages     = {376-378},
  keywords  = {Grammar;Semantics;Natural languages;Conferences;Software maintenance;
               Europe;Program Comprehension, Identifier Names, Static Analysis},
  doi       = {10.1109/ICSME.2019.00062},
}

@INPROCEEDINGS{Charitsis2021Assessing,
  author    = {Charitsis, Charis and
               Piech, Chris and
               Mitchell, John},
  title     = {Assessing Function Names and Quantifying the Relationship Between
               Identifiers and Their Functionality to Improve Them},
  year      = {2021},
  isbn      = {9781450382151},
  publisher = {Association for Computing Machinery},
  address   = {New York, NY, USA},
  url       = {https://doi.org/10.1145/3430895.3460161},
  doi       = {10.1145/3430895.3460161},
  booktitle = {Proceedings of the Eighth ACM Conference on Learning @ Scale},
  pages     = {291–294},
  numpages  = {4},
  keywords  = {function names, common functionality detection, CS1},
  location  = {Virtual Event, Germany},
  series    = {L@S '21},
}

@ARTICLE{Zhang2023RenamingPrediction,
  author     = {Zhang, Jingxuan and
               Luo, Junpeng and
               Liang, Jiahui and
               Gong, Lina and
               Huang, Zhiqiu},
  title      = {An Accurate Identifier Renaming Prediction and Suggestion Approach},
  year       = {2023},
  issue_date = {November 2023},
  publisher  = {Association for Computing Machinery},
  address    = {New York, NY, USA},
  volume     = {32},
  number     = {6},
  issn       = {1049-331X},
  url        = {https://doi.org/10.1145/3603109},
  doi        = {10.1145/3603109},
  journal    = {ACM Trans. Softw. Eng. Methodol.},
  month      = {sep},
  articleno  = {148},
  numpages   = {51},
  keywords   = {Identifier renaming, source code analysis, code refactoring,
                mining code repository},
}

@ARTICLE{Antoniol1999OO,
  author  = {Antoniol, Giuliano and Canfora, Gerardo and Lucia, A. and Merlo, E.},
  year    = {1999},
  month   = {11},
  pages   = {136},
  title   = {Recovering Code to Documentation Links in OO System},
  volume  = {0},
  isbn    = {0-7695-0303-9},
  journal = {Reverse Engineering, Working Conference on},
  doi     = {10.1109/WCRE.1999.806954}
}

@INPROCEEDINGS{Vaswani2017Transformer,
  author    = {Vaswani, Ashish and
               Shazeer, Noam and
               Parmar, Niki and
               Uszkoreit, Jakob and
               Jones, Llion and
               Gomez, Aidan N. and
               Kaiser, \L{}ukasz and
               Polosukhin, Illia},
  title     = {Attention is all you need},
  year      = {2017},
  isbn      = {9781510860964},
  publisher = {Curran Associates Inc.},
  address   = {Red Hook, NY, USA},
  booktitle = {Proceedings of the 31st International Conference on Neural Information
               Processing Systems},
  pages     = {6000–6010},
  numpages  = {11},
  location  = {Long Beach, California, USA},
  series    = {NIPS'17}
}

@ARTICLE{Peters2018DeepCW,
  title     = {Deep Contextualized Word Representations},
  author    = {Matthew E. Peters and
               Mark Neumann and
               Mohit Iyyer and
               Matt Gardner and
               Christopher Clark and
               Kenton Lee and
               Luke Zettlemoyer},
  editor    = {Walker, Marilyn  and Ji, Heng  and Stent, Amanda},
  month     = {jun},
  year      = {2018},
  address   = {New Orleans, Louisiana},
  publisher = {Association for Computational Linguistics},
  url       = {https://aclanthology.org/N18-1202},
  doi       = {10.18653/v1/N18-1202},
  pages     = {2227--2237},
}

@INPROCEEDINGS{Devlin2019BERT,
    title     = {{BERT}: Pre-training of Deep Bidirectional Transformers for Language
                 Understanding},
    author    = {Devlin, Jacob  and
                 Chang, Ming-Wei  and
                 Lee, Kenton  and
                 Toutanova, Kristina},
    editor    = {Burstein, Jill  and
                 Doran, Christy  and
                 Solorio, Thamar},
    booktitle = {Proceedings of the 2019 Conference of the North {A}merican Chapter of the
                 Association for Computational Linguistics: Human Language Technologies,
                 Volume 1 (Long and Short Papers)},
    month     = {jun},
    year      = {2019},
    address   = {Minneapolis, Minnesota},
    publisher = {Association for Computational Linguistics},
    url       = {https://aclanthology.org/N19-1423},
    doi       = {10.18653/v1/N19-1423},
    pages     = {4171--4186},
}

@INPROCEEDINGS{Karampatsis2020BPE,
  author    = {Karampatsis, Rafael-Michael and Babii, Hlib and Robbes, Romain and Sutton, Charles and Janes, Andrea},
  title     = {Big code != big vocabulary: open-vocabulary models for source code},
  year      = {2020},
  isbn      = {9781450371216},
  publisher = {Association for Computing Machinery},
  address   = {New York, NY, USA},
  url       = {https://doi.org/10.1145/3377811.3380342},
  doi       = {10.1145/3377811.3380342},
  booktitle = {Proceedings of the ACM/IEEE 42nd International Conference on Software Engineering},
  pages     = {1073–1085},
  numpages  = {13},
  keywords  = {byte-pair encoding, naturalness of code, neural language models},
  location  = {Seoul, South Korea},
  series    = {ICSE '20}
}

@ARTICLE{Guo2020GraphCodeBERT,
  title   = {GraphCodeBERT: Pre-training Code Representations with Data Flow},
  author  = {Daya Guo and Shuo Ren and Shuai Lu and Zhangyin Feng and Duyu Tang and Shujie Liu and Long Zhou and Nan Duan and Jian Yin and Daxin Jiang and M. Zhou},
  journal = {ArXiv},
  year    = {2020},
  volume  = {abs/2009.08366},
  url     = {https://api.semanticscholar.org/CorpusID:221761146}
}

@INPROCEEDINGS{Liu2021CHIS,
  author    = {Liu, Siyuan and Zhang, Jingxuan and Liang, Jiahui and Luo, Junpeng and Xu, Yong and Sun, Chenxing},
  booktitle = {2021 28th Asia-Pacific Software Engineering Conference (APSEC)},
  title     = {CHIS: A Novel Hybrid Granularity Identifier Splitting Approach},
  year      = {2021},
  volume    = {},
  number    = {},
  pages     = {192-201},
  keywords  = {Deep learning;Training;Vocabulary;Software maintenance;Codes;Natural languages;Transformers;Identifier Normalization;Identifier Splitting;Code Analysis;Deep Learning},
  doi       = {10.1109/APSEC53868.2021.00027},
}

@ARTICLE{Wu2023ChatGPT,
  author   = {Wu, Tianyu and He, Shizhu and Liu, Jingping and Sun, Siqi and Liu, Kang and Han, Qing-Long and Tang, Yang},
  journal  = {IEEE/CAA Journal of Automatica Sinica},
  title    = {A Brief Overview of ChatGPT: The History, Status Quo and Potential Future Development},
  year     = {2023},
  volume   = {10},
  number   = {5},
  pages    = {1122-1136},
  keywords = {Three-dimensional displays;Web and internet services;Reinforcement learning;Chatbots;Robot sensing systems;Transformers;History;AIGC;ChatGPT;GPT-3;GPT-4;human feedback;large language models},
  doi      = {10.1109/JAS.2023.123618},
}

@INPROCEEDINGS{Arnaoudova2013LAs,
  author  = {Arnaoudova, Venera and
             Di Penta, Massimiliano and
             Antoniol, Giuliano and
             Guéhéneuc, Yann-Gaël},
  year    = {2013},
  month   = {03},
  title   = {A New Family of Software Anti-Patterns: Linguistic Anti-Patterns},
  journal = {Proceedings of the European Conference on Software Maintenance and
             Reengineering, CSMR},
  doi     = {10.1109/CSMR.2013.28},
}

@ARTICLE{Brown1990StatMT,
    title   = {A Statistical Approach to Machine Translation},
    author  = {Brown, Peter F. and
               Cocke, John and
               Della Pietra, Stephen A. and
               Della Pietra, Vincent J. and
               Jelinek, Fredrick and
               Lafferty, John D. and
               Mercer, Robert L. and
               Roossin, Paul S.},
    journal = {Computational Linguistics},
    volume  = {16},
    number  = {2},
    year    = {1990},
    url     = {https://aclanthology.org/J90-2002},
    pages   = {79--85},
}

@ARTICLE{Sze2017DNNs,
  author   = {Sze, Vivienne and Chen, Yu-Hsin and Yang, Tien-Ju and Emer, Joel S.},
  journal  = {Proceedings of the IEEE},
  title    = {Efficient Processing of Deep Neural Networks: A Tutorial and Survey},
  year     = {2017},
  volume   = {105},
  number   = {12},
  pages    = {2295-2329},
  keywords = {Neurons;Biological neural networks;Artificial intelligence;Machine learning;Neural networks;Tutorials;Convolutional neural networks;Artificial intelligence;Benchmark testing;Computer architecture;ASIC;computer architecture;convolutional neural networks;dataflow processing;deep learning;deep neural networks;energy-efficient accelerators;low power;machine learning;spatial architectures;VLSI},
  doi      = {10.1109/JPROC.2017.2761740},
}

@ARTICLE{Hochreiter97LSTM,
  author  = {Hochreiter, Sepp and Schmidhuber, Jürgen},
  year    = {1997},
  month   = {12},
  pages   = {1735-80},
  title   = {Long Short-term Memory},
  volume  = {9},
  journal = {Neural computation},
  doi     = {10.1162/neco.1997.9.8.1735},
}
